

@phdthesis{SOHPICKorn13,
  author       = {D. Korn}, 
  title        = {Silicon-Organic Hybrid Platform for Photonic Integrated Circuits},
  school       = {Karlsruhe Institute of Technology},
  year         = 2013,
  address      = {Straße Am Forum 2, 76131, Karlsruhe},
  month        = 10,
  note         = {Karlsruhe Series in Photonics and Communications, Vol. 15}
}

@phdthesis{SOHPajkovic16,
  author       = {R. Pajkovi{ć}}, 
  title        = {Transmitter Packaging - Seamless Integration of InP Lasers and SOH MOdulators},
  school       = {Karlsruhe Institute of Technology},
  year         = 2016,
  address      = {Straße Am Forum 2, 76131, Karlsruhe},
  month        = 10
}


@phdthesis{TapWGOnanuga14,
  author       = {T. Onanuga}, 
  title        = {Optimal Taper Geometries for Photonic Wire Bonds},
  school       = {Karlsruhe Institute of Technology},
  year         = 2014,
  address      = {Straße Am Forum 2, 76131, Karlsruhe},
  month        = 11
}

@phdthesis{IntPWBPetek16,
  author       = {K. Petek}, 
  title        = {Multi-chip Integration of VCSEL and Silicon Photonics by Photonic Wire Bonding},
 school       = {Karlsruhe Institute of Technology},
  year         = 2016,
  address      = {Straße Am Forum 2, 76131, Karlsruhe},
  month        = 5
}
 

@phdthesis{gateAlloatti12,
  author       = {L. Alloatti}, 
  title        = {High-Speed, Low-Power and Mid-IR Silicon Photonics Application},
  school       = {Karlsruhe Institute of Technology},
  year         = 2012,
  address      = {Straße Am Forum 2, 76131, Karlsruhe},
  month        = 12
}



@phdthesis{MMIRainer16,
  author       = {C. Rainer}, 
  title        = {Fabrication and Characterization of a Multi-chip Transmitter Module by Photonic Wire Bonding},
  school       = {Karlsruhe Institute of Technology},
  year         = 2016,
  address      = {Straße Am Forum 2, 76131, Karlsruhe},
  month        = 11
}

@phdthesis{ToepferPWB14,
  author       = {J. T{ö}pfer}, 
  title        = {Study of a Loss Model for Photonic Wire Bonds},
  school       = {Karlsruhe Institute of Technology},
  year         = 2016,
  address      = {Straße Am Forum 2, 76131, Karlsruhe},
  month        = 11
}

@ARTICLE{AluminaYoshimura81,
  author = {M. Yoshimura and H.K. Bowen},
  title = {{Electrical Breakdown Strength of Alumina at High Temperatures}},
  journal = {Journal of the American Ceramic Society},
  year = {1981},
  volume = {64},
  pages = {404--410},
  doi = {10.1111/j.1151-2916.1981.tb09879},
  publisher = {American Ceramic Socity},
  url = {http://onlinelibrary.wiley.com/doi/10.1111/j.1151-2916.1981.tb09879.x/full}
}

@ONLINE{SOItechecoMendez09,
	author = {H. Mendez},
  	title = {{Silicon-on-Insulator SOI technology and ecosystem: Emerging SOI applications}},
  	year = 2009,
  	url = {http://www.soiconsortium.org/pdf/Consortium_9april09_final.pdf},
  	urldate = {2016-10-25}
}

@ARTICLE{SiGroFisher12,
  author = {G. Fisher and M.R. Seacrist and R. W. Standley},
  title = {{Silicon Crystal Growth and Wafer Technologies}},
  journal = {Proceedings of the IEEE},
  year = {2012},
  volume = {100},
  pages = {1454--1464},
  doi = {10.1109/JPROC.2012.2189786},
  publisher = {IEEE},
  url = {http://dx.doi.org/10.1109/JPROC.2012.2189786}
}

@ARTICLE{BainTemp10,
  author = {L.E. Bain and L. J. Olafsen},
  title = {{Temperature Dependence of the Wavelength Spectrum of a Resonantly Pumped W-OPIC Laser}},
  %journal = {Journal of Research of the National Bureau of Standards},
  year = {2011},
  %volume = {77A},
  %pages = {755-763},
  %doi = {10.1109/JPROC.2012.2189786},
  publisher = {IEEE},
  %url = {http://dx.doi.org/10.1109/JPROC.2012.2189786}
}


@ARTICLE{WaxlerTemp73,
  author = {Roy M. Waxler and G.W. Cleek},
  title = {{The Effect of Temperature and Pressure on the Refractive Index of Some Oxide Glasses}},
  journal = {Journal of Research of the National Bureau of Standards},
  year = {1973},
  volume = {77A},
  pages = {755-763},
  %doi = {10.1109/JPROC.2012.2189786},
  publisher = {National Institute of Standards and Technology},
  %url = {http://dx.doi.org/10.1109/JPROC.2012.2189786}
}

@phdthesis{HerreraSEO12,
  author       = {O. Herrera}, 
  title        = {Nonlinear Photonics in Waveguides for Telecommunications},
  school       = {College of Optical Sciences, University of Arizona},
  year         = 2014,
  %address      = {Straße Am Forum 2, 76131, Karlsruhe},
  %month        = 11
}

@phdthesis{AcunaPnoise13,
  author       = {P. Fernandez Acuna}, 
  title        = {Phase Noise Filtering for Coherent Optical Communications},
  school       = {Chalmers University of Technology},
  year         = 2013,
  %address      = {Straße Am Forum 2, 76131, Karlsruhe},
  %month        = 11
}

@ARTICLE{HerreraSEO12,
  author = {O. Herrera},
  title = {{Nonlinear Photonics in Waveguides for Telecommunications}},
  journal = {Proceedings of the IEEE},
  year = {2012},
  volume = {100},
  pages = {1454--1464},
  doi = {10.1109/JPROC.2012.2189786},
  publisher = {IEEE},
  url = {http://dx.doi.org/10.1109/JPROC.2012.2189786}
}

@ARTICLE{JouaneSEO14,
  author = {Y. Jouane and Y-C. Chang and D. Zhang and J. Luo and A. K-Y. Jen and Y. Enami},
  title = {{Unprecedented Highest Electro-Optic Coefficient of 226 pm/V for Electro-Optic Polymer/TiO2 Multilayer Slot Waveguide Modulators}},
  journal = {Optics Express},
  year = {2014},
  %volume = {82},
  %pages = {3--22},
  doi = {10.1364/OE.22.027725},
  %publisher = {Elsevier Science Inc.},
  %url = {http://dx.doi.org/10.1016/j.jss.2008.03.066}
}

@ARTICLE{NLOPertWard65,
  author = {J.F. Ward},
  title = {{Calculation of Nonlinear Optical Susceptibilities Using Diagrammatic Perturbation Theory}},
  journal = {Reviews of Modern Physics},
  year = {1965},
  volume = {37},
  doi = {10.1103/RevModPhys.37.1},
  publisher = {APS},
  url = {https://doi.org/10.1103/RevModPhys.37.1}
}

@ARTICLE{Koos_SOH2015,
  author = {C. Koos and J. Leuthold and W. Freude and M. Kohl and L. Dalton and W.Bogaerts and A. L. Giesecke and M. Lauermann and A. Melikyan and S. Koeber and S. Wolf and C. Weimann and S. Muehlbrandt and K. Koehnle and J. Pfeifle and W. Hartmann and Y. Kutuvantavida and S. Ummethala and R. Palmer and D. Korn and L. Alloatti and P. Claudius S. and D. L. Elder and T. Wahlbrink and J. Bolten},
  title = {{Silicon-Organic Hybrid (SOH) and Plasmonic-Organic Hybrid (POH) Integration}},
  journal = {Journal of Lightwave Technology},
  year = {2015},
  volume = {34},
  issue = {2},
  pages = {256--268},
  doi = {10.1109/JLT.2015.2499763},
  publisher = {IEEE},
  url = {http://dx.doi.org/10.1109/JLT.2015.2499763}
}

@ARTICLE{Krost_InPSilat93,
  author = {A. Krost and F. Heinrichsdorff and D.Bimberg},
  title = {{InP on Si(ll1): Accommodation of lattice mismatch and structuralproperties}},
  journal = {Applied Physics Letters},
  year = {1994},
  volume = {64},
  issue = {6},
  pages = {769--771},
  doi = {10.1063/1.111007},
  publisher = {Applied Physics Letters},
  url = {http://dx.doi.org/10.1063/1.111007}
}


@ARTICLE{Wu_Solv04,
  author = {S. Wu and R. A. Shanks},
  title = {{Solubility Study of Polyacrylamide in Polar Solvents}},
  journal = {Journal of Applied Polymer Science},
  year = {2004},
  volume = {93},
  issue = {3},
  pages = {1493--1499},
  doi = {10.1002/app.20608},
  publisher = {Wiley},
  url = {http://onlinelibrary.wiley.com/doi/10.1002/app.20608/full}
}

%Wu, S.; Shanks, R.A., “Solubility study of %polyacrylamide in polar solvents”, Journal of Applied %Polymer Science, V93, I3, 2004.
%
%\

%%%%% POLING!!!!

@ARTICLE{BlumPoling98,
  author = {R. Blum and M. Sprave and J. Sablotny and M. Eich},
  title = {{High-electric-field poling of nonlinear
optical polymers}},
  journal = {Journal of Optical Society of America B},
  year = {1998},
  volume = {15},
  pages = {318--328},
  publisher = {OSA}
}

@ARTICLE{BehfarHCSEL05,
  author = {A. Behfar and A. Schremer and M. Green and C. Stagarescu and A. Morrow},
  title = {{Horizontal Cavity Surface-Emitting Laser (HCSEL) Devices}},
  journal ={Proceedings of SPIE},
  year = {2005},
  volume = {5737},
  pages = {62--68},
  publisher = {SPIE}
}

@ARTICLE{MoehrleHCSEL10,
  author = {M. Moehrle and J. Kreissl and W.D. Molzow and G. Przyrembel and C. Wagner and A. Sigmund and L. Moerl and N. Grote},
  title = {"Ultra-low threshold 1490 nm surface-emitting BH-DFB laser diode with integrated monitor photodiode"},
  journal = {IPRM 2010},
  year = {2010},
  pages = {55--58},
  publisher = {IEEE}
}

@ARTICLE{FukudaSOI01,
  author = {Fukuda, Y. and Ito, S. and Ito, M.},
  title = {"SOI-CMOS Device Technology"},
  journal = {OKI Technical Review 185},
  volume = {68},
  year = {2001},
  pages = {54--57},
  publisher = {OKI}
}

@ARTICLE{ReedSOI92,
  author = {Reed, G.T. and Jinhua, L and Tang, C.K. and Chenglu, L. and Hemment, P.L.F.},
  title = {"Silicon on insulator optical waveguides formed by direct wafer bonding"},
  journal = {Materials SCience and Engineering},
  volume = {B15},
  year = {1992},
  pages = {156--159},
  publisher = {Elsevier}
}

@BOOK{ZappeLaser04,
    author    = "H. Zappe",
    title     = "Laser Diode Microsystems",
    year      = "2004",
    publisher = "Springer Science and Business Media",
    isbn = "978-3-540-40454-5"
}

@BOOK{OkamotoWG00,
    author    = "K. Okamoto",
    title     = "Fundamentals of Optical Waveguides",
    year      = "2000",
    publisher = "Academic Press",
    isbn = "0-12-525095-9"
}

@BOOK{SelleriWG15,
    author    = "S. Selleri and L. Vincetti and A. Cucinotta",
    title     = "Optical and Photonic Components",
    year      = "2015",
    publisher = "Società Editrice Esculapio",
    isbn = "978-8-874-88924-2"
}

@BOOK{BoydNLO08,
    author    = "Boyd, R. W.",
    title     = "Nonlinear Optics",
    year      = "2008",
    publisher = "Elsevier",
    isbn = " 978-0-080-48596-6"
}

@BOOK{SwinglerThermal14,
    author    = "Swingler, J.",
    title     = "Reliability Characterisation of Electrical and Electronic Systems",
    year      = "2014",
    publisher = "Elsevier",
    isbn = "978-1-782-42225-9"
	%page = "84-91"
}

@BOOK{DjordjevicCM10,
    author    = "Djordjevic, I. and Ryan, W. and Vasic, B.",
    title     = "Coding for Optical Channels",
    year      = "2010",
    publisher = "Springer",
    isbn = " 978-1-441-95568-5"
}

@ARTICLE{WangGV09,
    author    = "Wang, W.L. and Zhang, B. and Chen, W.J. and Li, Z.J.",
    title     = "High voltage SOI SJ-LDMOS with dynamic back-gate voltage",
    year      = "2009",
	journal = {Electronics Letters},
	volume = {45},
    publisher = "IEEE",
}


@ARTICLE{HerstensLDchar05,
  author = {T. Herstens},
  title = {"Measuring Diode Laser Characteristics"},
  journal = {ILX Lightwave Application Note},
  year = {2005},
  publisher = {ILX Lightwave}
}

%Modulation

@ARTICLE{SmitSiPh14,
    author    = "M. Smit et. al.",
    title     = "An introduction to InP-based generic integration technology",
    year      = "2014",
	journal = {Semicond. Sci. Technol.},
	volume = {29},
    publisher = "IEEE",
}

@ARTICLE{LindenmannPWB12,
    author    = "N. Lindenmann and G. Balthasar and D. Hillerkuss and R. Schmogrow and M. Jordan and J.
Leuthold and W. Freude and C. Koos",
    title     = "Photonic wire bonding: a novel concept for chipscale interconnects ",
    year      = "2012",
	journal = {Optics Express},
	volume = {20},
    publisher = "OSA",
}

@ARTICLE{ReedSOI14,
    author    = "G.T. Reed and D. J. Thompson and F.Y. Gardes and Y. Hu and J. Fedeli and G. Z. Mashanovich",
    title     = "High-speed carrier-depletion silicon Mach-Zehnder optical modulators with lateral PN junctions",
    year      = "2014",
	journal = {Frontiers in Physics},
	volume = {2},
    publisher = "Frontiers in Physics",
}

@ARTICLE{Reedmod05,
    author    = "G.T. Reed and C.E. Jason Png",
    title     = "Silicon Optical Modulators",
    year      = "2005",
	journal = {Materials Today Review Paper},
    publisher = "Elsevier",
}

@ARTICLE{LinMZM14,
    author    = "C.T. Lin and J.Chen and S.P. Dai and P.C. Peng and S. Chi",
    title     = "Impact of Nonlinear Transfer Function and Imperfect Splitting Ratio of MZM on Optical Up-Conversion Employing Double Sideband With Carrier Suppression Modulation",
    year      = "2008",
	journal = {Journal of Lightwave Technology},
	volume = {26},
    publisher = "IEEE",
}

%Photonic wire bonding: a novel concept for chipscale interconnects 

@ARTICLE{SeimetzLaser08,
    author    = "M. Seimetz",
    title     = "Laser Linewidth Limitations for Optical Systems with High-Order Modulation Employing Feed Forward Digital Carrier Phase Estimation ",
    year      = "2008",
	journal = {OFC/NFOEC},
    publisher = "IEEE",
}

@BOOK{singhmiyataNLOorganic96,
    author    = "H. Singh Nalwa and S. Miyata",
    title     = "Nonlinear Optics of Organic Molecules and Polymers",
    year      = "1996",
    publisher = "CRC Press",
    isbn = "978-0-849-38923-8"
	%https://books.google.de/books?id=wZYIg_VC2E0C&pg=PA246&lpg=PA246&dq=poling+organic&source=bl&ots=wQZ4h49GCI&sig=xVKQNSPJEbnc0LDM4VLd7YwcTq8&hl=en&sa=X&ved=0ahUKEwjgqpPau_PPAhXMWBoKHZ0oDk0Q6AEILzAD#v=onepage&q=poling%20organic&f=false
}

@ONLINE{ITUinfo15,
	author = {International Telecommunication Union},
  	title = {{Measuring the Information Society Report}},
  	year = 2015,
  	url = {http://www.itu.int/en/ITU-D/Statistics/Documents/publications/misr2015/MISR2015-w5.pdf},
  	urldate = {2016-10-25}
}

@ONLINE{ILSinfo16,
	author = {International Live Stats},
  	title = {{Internet Users}},
  	year = 2016,
  	url = {http://www.internetlivestats.com/internet-users/},
  	urldate = {2016-10-25}
}

@ONLINE{SPThourhout10,
	author = {Dries Van Thourhout},
  	title = {{Silicon Photonics ACP 2010 Tutorial}},
  	year = 2010,
  	url = {http://www.photonics.intec.ugent.be/download/pub_2733.pdf},
  	urldate = {2017-06-13}
}


@BOOK{RecCompSysEngKirischian16,
    author    = "L. Kirischian",
    title     = "Reconfigurable Computing Systems Engineering: Virtualization of Computing Architecture",
    year      = "2016",
    publisher = "CRC Press",
}

@BOOK{TempYoung92,
    author    = "H. D. Young",
    title     = "University Physics",
    year      = "21992",
    publisher = "Addison Wesley",
}

@BOOK{PavesiSi06,
    author    = "L. Pavesi and G. Guillot",
    title     = "Optical Interconnects: The Silicon Approach",
    year      = "2006",
    publisher = "Springer Science and Business Media",
}

@BOOK{LeeMZM06,
    author    = "C. H. Lee",
    title     = "Microwave Photonics",
    year      = "2006",
    publisher = "CRC Press",
}

@BOOK{SeimetzMod06,
    author    = "M. Seimetz",
    title     = "High-Order Modulation for Optical Fiber Transmission",
    year      = "2009",
    publisher = "Springer",
}

@BOOK{SoOrga09,
    author    = "F. So (Ed)",
    title     = "Organic Electronics: Materials, Processing, Devices and Applications",
    year      = "2009",
    publisher = "CRC Press",
}



@BOOK{Eichlerlaser15,
    author    = "H. J. Eichler and J. Eichler",
    title     = "Laser: Bauformen, Strahlf{ü}hrung, Anwendungen",
    year      = "2015",
    publisher = "Springer-Verlag",
}

@BOOK{SaeckingerMZM09,
    author    = "E. S{ä}ckinger",
    title     = "Broadband Circuits for Optical Fiber Communication",
    year      = "2005",
    publisher = "John Wiley and Sons",
}

@ONLINE{USBOpto16,
	author = {Optoelectronics Research Group},
  	title = {{Silicon Photonics}},
  	year = 2016,
  	url = {http://optoelectronics.ece.ucsb.edu/silicon-photonics},
  	urldate = {2016-10-25}
}

@BOOK{BosshardOrgaNLO95,
    author    = "Ch. Bosshard and K. Sutter and Ph. Prêtre and J. Huliger and M. Flörsheimer and P. Kaatz and P. Günter",
    title     = "Organic Nonlinear Optical Materials",
    year      = "2012",
    publisher = "Gordon and Breach Publishers",
	isbn = "2-88449-007-8"
}

@BOOK{GuenterNLO12,
    author    = "P. Günter (Editor)",
    title     = "Nonlinear Optical Effects and Materials",
    year      = "2012",
    publisher = "Springer",
	isbn = "9-783-54049-713-4"
}

@BOOK{SiPhReed04,
    author    = "G.T. Reed and A. P. Knights",
    title     = "Silicon Photonics III: Systems and Applications",
    year      = "2014",
    publisher = "John Wiley and Sons",
	isbn 	  = "978-0-470-87035-8"
	%pages = 57,58
}

@BOOK{SiPhPavesi16,
    author    = "L. Pavesi, et. Al",
    title     = "Silicon Photonics",
    year      = "2016",
	volume	  = "122",
    publisher = "Gordon and Breach Publishers",
	isbn 	  = "978-3-642-10503-6"
}

@BOOK{PolyWong13,
    author    = "C. P. Wong",
    title     = "Polymers for Electronic and Photonic Applications",
    year      = "2013",
    publisher = "Elsevier",
	isbn 	  = "978-1-4832-8939-7"	
}

@BOOK{NLOShen84,
    author    = "Y. R. Shen",
    title     = "The Principles of Nonlinear  Optics",
    year      = "1984",
    publisher = "John Wiley and Sons",
	isbn 	  = "978-0-471-88998-4"	
}

@BOOK{OEDakin06,
    author    = "J. P. Dakin and R. G. W. Brown",
    title     = "Handbook of Optoelectronics (Two-Volume Set)",
    year      = "2006",
    publisher = "CRC Press",
	isbn 	  = "978-0-750-30646-1"	
}

@BOOK{PhotoSaleh91,
    author    = "B. E. A. Saleh and M. C. Teich",
    title     = "Fundamentals of Photonics",
    year      = "1991",
    publisher = "John Wiley and Sons",
	isbn 	  = "0-471-83965-5"	
}

@BOOK{OptiCommNguyen09,
    author    = "L. Nguyen Binh",
    title     = "Digital Optical Communications",
    year      = "2009",
    publisher = "CRC Press",
	isbn 	  = "978-1-4200-8205-0"	
}

@BOOK{HSphotoDagli07,
    author    = "N. Dagli",
    title     = "High-Speed Photonic Devices",
    year      = "2007",
    publisher = "Taylor and Francis",
	isbn 	  = "978-0-7503-0889-2"	
}

@BOOK{ThomasInfoTheory91,
    author    = "T. M. Cover, J. A. Thomas",
    title     = "Elements of Information Theory",
    year      = "1991",
    publisher = "John Wiley and Sons",
	isbn 	  = "0-471-06259-6"	
}

@misc{SymmLim13,
  author        = {E. A. Lim},
  title         = {Lecture notes in Symmetry in Physics},
  month         = {August},
  year          = {2013},
  publisher={King's College London}
}

@ARTICLE{compWGJablonski94,
  author = {T. F. Jablonski},
  title = {{Silicon Crystal Growth and Wafer Technologies}},
  journal = {Proceedings of the IEEE},
  year = {2012},
  volume = {100},
  pages = {1454--1464},
  doi = {10.1109/JPROC.2012.2189786},
  publisher = {IEEE},
  url = {http://dx.doi.org/10.1109/JPROC.2012.2189786}
}

@ARTICLE{SoldanoMMI95,
  author = {L. B. Soldano and E. C.M. Pennings},
  title = {{Optical multi-mode interference devices based on self-imaging: Principles and applications}},
  journal = {Journal of Lightwave Technology},
  year = {1995},
  volume = {13},
  pages = {615--627},
  publisher = {IEEE}
}

@ARTICLE{BachmannMMI94,
 author = {M. Bachmann and P.A. Besse and H. Melchior},
  title = {{General self-imaging properties
in N x N multimode interference couplers
including phase relations}},
  journal = {Applied Optics},
  year = {1994},
  volume = {33},
  pages = {3905--3911},
  publisher = {OSA},
}

@ARTICLE{XipolMMI07,
  author = {D.-X. Xu and P. Cheben and A. Delâge and S. Janz and B. Lamontagne and E. Post and W. N. Ye},
  title = {{Polarization-Insensitive MMI-Coupled Ring Resonators In
Silicon-On-Insulator Using Cladding Stress Engineering}},
  journal = {Proceedings of SPIE},
  year = {2007},
  volume = {6477},
  publisher = {IEEE},
  doi = {10.1117/12.701997}
}

@ARTICLE{PalmerSSconv13,
  author = {R. Palmer and L. Alloatti and D. Korn and W.Heni and P.C. Schindler and J. Bolten and M. Karl and M. Waldow and T. Wahlbrink and W. Freude and C. Koos and J. Leuthold},
  title = {{Low-Loss Silicon Strip-to-Slot Mode Converters}},
  journal = {IEEE Photonics Journal},
  year = {2013},
  volume = {5},
  publisher = {IEEE},
  doi = { 10.1109/JPHOT.2013.2239283}
}

% *** Heatsink!!

@ARTICLE{HertsensLD05,
  author = {T. Hertsens},
  title = {{Measuring Diode Laser Characteristics}},
  journal = {ILX Lightwave Application Note},
  year = {2005},
  publisher = {Newport Corporation},
}

@ARTICLE{HoganLD14,
  author = {B. Hogan},
  title = {{Operation of VCSELs Under Pulsed Conditions}},
  journal = {Vixar Application Note},
  year = {2014},
  publisher = {Vixar Incorporated},
}

@ARTICLE{HowardLDTher08,
  author = {S. S. Howard; Z. Liu; C. F. Gmachl},
  title = {{Thermal and Stark-Effect Roll-Over
of Quantum-Cascade Lasers}},
  journal = {Journal of Quantum Electronics},
  year = {2008},
  publisher = {IEEE}
}

@ARTICLE{ZhaoTempLD06,
  author = {H.D. Zhao and M. Sun and S.J. Zhai and H.L. Tian and P. He and J.-Q. Wang},
  title = {{Analysis of Temperature in High Power Laser Array Heat Sinks}},
  journal = {2006 8th International Conference on Solid-State and Integrated Circuit Technology Proceedings},
  year = {2006},
  publisher = {IEEE},
  doi = {10.1109/ICSICT.2006.306196}
}

@ARTICLE{IshikawaTempLD91,
  author = {M. Ishikawa and H.Shiozawa and K. Itaya and G. Hatakoshi and Y. Uematsu},
  title = {{Temperature Dependence of the Threshold
for InGaAlP Visible Laser Diodes}},
  journal = {IEEE Journal of Quantum Electronics},
  year = {1991},
  publisher = {IEEE},
   volume = {27},
}

@ARTICLE{MenzelTempLD95,
  author = {U. Menzel and A. Barwolff and P. Enders and D. Ackermanni and R. Puchert and M. voss},
  title = {{Modelling the temperature dependence of threshold current, external differential efficiency and
lasing wavelength in QW laser diodes}},
  journal = {Semiconductor Science Technology},
  year = {1995},
  publisher = {IOP Science},
   volume = {10},
}

@ARTICLE{NakwaskiTempLD83,
  author = {W. Nakwaski},
  title = {{Simplified thermal analysis of a laser diode array}},
  journal = {Sov. J. Quantum Electronics},
  year = {1995},
  publisher = {IOP Science},
   volume = {14},
}

@ARTICLE{BillahHCSEL16,
  author = {T. Hoose and M. Billah and M. Blaicher and P. Marin and P.-I. Dietrich and A Hoffman and U. Troppenz and M. Moehrle and N. Lindenmann and M. Thiel and P. Simon and M.L. Goedecke and W. Freude and C. Koos},
  title = {{Multi-Chip Integration by Photonic Wire Bonding: Connecting Surface and Edge Emitting Lasers to Silicon Chips }},
  journal = {OFC 2016},
  year = {2016},
  publisher = {OSA Technical Digest},
   volume = {M2I},
   page = {7},
}

@ARTICLE{heteroepiCrumbacker98,
  author = {T. E. Crumbaker and H. Y. Lee and M. J. Hafich and G. Y. Robinson
},
  title = {{Heteroepitaxy of InP on Si: Reduction of defects by substrate misorientation and thermal annealing }},
  journal = {Journal of Vacuum Science and Technology B, Nanotechnology and Microelectronics: Materials, Processing, Measurement, and Phenomena },
  year = {1998},
  publisher = {AVS},
   volume = {188},
}

%Modulators!

@ARTICLE{WootenLiNBo300,
  author = {Ed L. Wooten and Karl M. Kissa and A. Yi-Yan and E.J. Murphy and D.A. Lafaw and P.F. Hallemeier and D Maack and D.V. Attanasio and D.J. Fritz, Daniel J. and G.J. McBrien and D.E. Bossi},
  title = {{A Review of Lithium Niobate Modulators for
Fiber-Optic Communications Systems}},
  year = {2000},
  volume = {6},
  pages = {69--82},
  journal = {Journal of Selected Topics in Quantum Electronics},
  publisher = {IEEE},
  url = {http://dx.doi.org/10.1109/JPROC.2012.2189786}
}